refs
https://www.hockey-reference.com/awards/voting-2024.html vezina votes
https://www.dratings.com/nhl-scoring-trends-regular-season-vs-playoffs/ playoffs

@Manual{citeR,
    title = {{R: A Language and Environment for Statistical Computing}},
    author = {{R Core Team}},
    organization = {R Foundation for Statistical Computing},
    address = {Vienna, Austria},
    year = {2023},
    url = {https://www.R-project.org/},
  }
  
@Manual{data,
    title = {{Moneypuck NHL Shot Data}},
    author = {{Peter Tanner}},
    year = {2024},
    url = {https://moneypuck.com/data.htm},
  }  
  
@Article{tidyverse,
    title = {Welcome to the {tidyverse}},
    author = {Hadley Wickham and Mara Averick and Jennifer Bryan and Winston Chang and Lucy D'Agostino McGowan and Romain François and Garrett Grolemund and Alex Hayes and Lionel Henry and Jim Hester and Max Kuhn and Thomas Lin Pedersen and Evan Miller and Stephan Milton Bache and Kirill Müller and Jeroen Ooms and David Robinson and Dana Paige Seidel and Vitalie Spinu and Kohske Takahashi and Davis Vaughan and Claus Wilke and Kara Woo and Hiroaki Yutani},
    year = {2019},
    journal = {Journal of Open Source Software},
    volume = {4},
    number = {43},
    pages = {1686},
    doi = {10.21105/joss.01686},
  }

@Article{testthat,
    author = {Hadley Wickham},
    title = {testthat: Get Started with Testing},
    journal = {The R Journal},
    year = {2011},
    volume = {3},
    pages = {5--10},
    url = {https://journal.r-project.org/archive/2011-1/RJournal_2011-1_Wickham.pdf},
}

@Article{modelsummary,
    title = {{modelsummary}: Data and Model Summaries in {R}},
    author = {Vincent Arel-Bundock},
    journal = {Journal of Statistical Software},
    year = {2022},
    volume = {103},
    number = {1},
    pages = {1--23},
    doi = {10.18637/jss.v103.i01},
  }
@Manual{arrow,
  title = {arrow: Integration to 'Apache' 'Arrow'},
  author = {Neal Richardson and Ian Cook and Nic Crane and Dewey Dunnington and Romain François and Jonathan Keane and Dragoș Moldovan-Grünfeld and Jeroen Ooms and Jacob Wujciak-Jens and {Apache Arrow}},
  year = {2024},
  note = {R package version 18.1.0, https://arrow.apache.org/docs/r/},
  url = {https://github.com/apache/arrow/},
}

@Article{caret,
    title = {Building Predictive Models in R Using the caret Package},
    volume = {28},
    url =
      {https://www.jstatsoft.org/index.php/jss/article/view/v028i05},
    doi = {10.18637/jss.v028.i05},
    number = {5},
    journal = {Journal of Statistical Software},
    author = {{Kuhn} and {Max}},
    year = {2008},
    pages = {1–26},
  }

@Article{zoo,
  title = {zoo: S3 Infrastructure for Regular and Irregular Time
    Series},
  author = {Achim Zeileis and Gabor Grothendieck},
  journal = {Journal of Statistical Software},
  year = {2005},
  volume = {14},
  number = {6},
  pages = {1--27},
  doi = {10.18637/jss.v014.i06},
}
  
@InCollection{knitr,
    booktitle = {Implementing Reproducible Computational Research},
    editor = {Victoria Stodden and Friedrich Leisch and Roger D. Peng},
    title = {{knitr}: A Comprehensive Tool for Reproducible Research in {R}},
    author = {Yihui Xie},
    publisher = {Chapman and Hall/CRC},
    year = {2014},
    note = {ISBN 978-1466561595}
  }
  
@Manual{kableExtra,
    title = {kableExtra: Construct Complex Table with 'kable' and Pipe Syntax},
    author = {Hao Zhu},
    year = {2021},
    note = {R package version 1.3.4},
    url = {https://CRAN.R-project.org/package=kableExtra},
  } 

 @Article{datasheet,
    title = {Datasheets for Datasets},
    author = {Timnit Gebru and Jamie Morgenstern and Briana Vecchione and Jennifer Wortman Vaughan and
    Hanna Wallach and Hal Daumé III and Kate Crawford},
    year = {2018},
    url = {https://www.microsoft.com/en-us/research/uploads/prod/2019/01/1803.09010.pdf},
  }
  
@book{tellingstories,
    title = {Telling Stories with Data},
    author = {Rohan Alexander},
    year = {2023},
    publisher = {Chapman; Hall/CRC},
    url = {https://tellingstorieswithdata.com/}
  }  
  


@misc{playoffs, title={NHL scoring trends: Regular season vs. playoffs}, url={https://www.dratings.com/nhl-scoring-trends-regular-season-vs-playoffs/}, journal={DRatings}, author={Donchess, Jeff}, year={2022}} 
@misc{moneypuck, title={Moneypuck Shot Data}, url={https://moneypuck.com/data.htm}, journal={MoneyPuck}, author={Tanner, Peter}, year = {2024}} 
@misc{sportradar, title = {Sportradar}, url={https://developer.sportradar.com/ice-hockey/reference/nhl-overview}, journal={Sportradar}, year = {2024}} 
@misc{homeadv, title={How significant is home advantage in the NHL?}, url={https://www.zbischof.com/hockey/2021-03-01-home-adv/}, author={Bischof, Zachary}, year = {2021}} 
